@inproceedings{xizhi2008application,
  title={The application of wavelet transform in digital image processing},
  author={Xizhi, Zhu},
  booktitle={MultiMedia and Information Technology, 2008. MMIT'08. International Conference on},
  pages={326--329},
  year={2008},
  organization={IEEE}
}

@article{mahmoud2007comparison,
  title={Comparison between haar and daubechies wavelet transformions on FPGA technology},
  author={Mahmoud, Mohamed I and Dessouky, Moawad IM and Deyab, Salah and Elfouly, Fatma H},
  journal={World Academy of Science, Engineering and Technology},
  volume={26},
  pages={68--72},
  year={2007}
}

@article{porwik2004haar,
  title={The Haar-wavelet transform in digital image processing: its status and achievements},
  author={Porwik, Piotr and Lisowska, Agnieszka},
  journal={Machine graphics and vision},
  volume={13},
  number={1/2},
  pages={79--98},
  year={2004},
  publisher={Institute of Computer Science}
}

@article{sengupta2012authentication,
  title={An Authentication Technique in Frequency Domain through Daubechies Transformation (ATFDD)},
  author={Sengupta, Madhumita and Mandal, JK},
  journal={International Journal of Advanced Research in Computer Science},
  volume={3},
  number={4},
  year={2012},
  publisher={International Journal of Advanced Research in Computer Science}
}